<?xml version="1.0" encoding="UTF-8"?><collection xmlns="http://www.loc.gov/MARC21/slim"><record><leader>00580nam--2200205-i-4500</leader><controlfield tag="001">000014185</controlfield><controlfield tag="002">20161230</controlfield><controlfield tag="005">20161230201030</controlfield><controlfield tag="008">060222s1000------------r-----000-0-eng-d</controlfield><datafield ind1=" " ind2=" " tag="020"><subfield code="a">0387901434</subfield></datafield><datafield ind1=" " ind2=" " tag="040"><subfield code="a">IFIN-HH</subfield></datafield><datafield ind1=" " ind2=" " tag="080"><subfield code="a">519.813:519.816:519.863</subfield></datafield><datafield ind1="1" ind2=" " tag="100"><subfield code="a">Collatz, L</subfield></datafield><datafield ind1="1" ind2="0" tag="245"><subfield code="a">Optimization problems. translated by p.wadsack</subfield><subfield code="c">L. collatz, w. werrerling</subfield></datafield><datafield ind1=" " ind2=" " tag="260"><subfield code="a">Berlin</subfield><subfield code="b">Springer-verlag</subfield><subfield code="c">1975</subfield></datafield><datafield ind1=" " ind2=" " tag="300"><subfield code="a">X+356P</subfield></datafield><datafield ind1=" " ind2=" " tag="490"><subfield code="a">Applied Mathematical Sciences</subfield><subfield code="v">Vol. 17</subfield></datafield><datafield ind1="1" ind2=" " tag="700"><subfield code="a">Wetterling, W</subfield></datafield><datafield ind1=" " ind2=" " tag="852"><subfield code="a">70219</subfield><subfield code="c">519.4/5</subfield></datafield><datafield ind1=" " ind2=" " tag="CAT"><subfield code="a">Sys</subfield><subfield code="c">20130814</subfield><subfield code="h">172053</subfield></datafield></record></collection>